<?xml version="1.0" encoding="UTF-8"?><collection xmlns="http://www.loc.gov/MARC21/slim"><record><leader>00434nam--2200133-i-4500</leader><controlfield tag="001">000014239</controlfield><controlfield tag="002">20161230</controlfield><controlfield tag="005">20161230201030</controlfield><controlfield tag="008">060222s1000------------r-----000-0-eng-d</controlfield><datafield ind1=" " ind2=" " tag="100"><subfield code="a">Dutu, Doru C.A</subfield></datafield><datafield ind1=" " ind2=" " tag="245"><subfield code="a">Contributii la determinarea caracteristicilor de emisie a laserilor cu co2 si stabilizarea in frecventa a acesstora. teza</subfield></datafield><datafield ind1=" " ind2=" " tag="260"><subfield code="a">Bucuresti, Institutul Central De Fizica, 1982</subfield></datafield><datafield ind1=" " ind2=" " tag="490"><subfield code="a">180p</subfield></datafield><datafield ind1=" " ind2=" " tag="852"><subfield code="a">621.375.826(043)</subfield></datafield></record></collection>